<?xml version="1.0" encoding="UTF-8"?><collection xmlns="http://www.loc.gov/MARC21/slim"><record><leader>00474nam--2200145-i-4500</leader><controlfield tag="001">000002979</controlfield><controlfield tag="002">20161230</controlfield><controlfield tag="005">20161230201025</controlfield><controlfield tag="008">060222s1000------------r-----000-0-eng-d</controlfield><datafield ind1=" " ind2=" " tag="100"><subfield code="a">Bergman, Stefan And Schiffer, M</subfield></datafield><datafield ind1=" " ind2=" " tag="245"><subfield code="a">Kernel functions and elliptic differential equations in mathematical physics</subfield></datafield><datafield ind1=" " ind2=" " tag="260"><subfield code="a">New York, Academic Press, 1953 Xiv + 432 P</subfield></datafield><datafield ind1=" " ind2=" " tag="490"><subfield code="a">Pure And Appl.Math. Series Of Monographs</subfield><subfield code="v">vol. 4</subfield></datafield><datafield ind1=" " ind2=" " tag="852"><subfield code="a">13669</subfield></datafield><datafield ind1=" " ind2=" " tag="CAT"><subfield code="a">Sys</subfield><subfield code="c">20080401</subfield><subfield code="h">112630</subfield></datafield></record></collection>